<?xml version="1.0" encoding="UTF-8"?><record xmlns="http://www.loc.gov/MARC21/slim" xmlns:cinclude="http://apache.org/cocoon/include/1.0" xmlns:zs="http://www.loc.gov/zing/srw/">
  <leader>02075cz  a2200313n  4500</leader>
  <controlfield tag="001">no2006112171</controlfield>
  <controlfield tag="003">DLC</controlfield>
  <controlfield tag="005">20110113075108.0</controlfield>
  <controlfield tag="008">061023n| acannaabn          |b ana     c</controlfield>
  <datafield tag="010" ind1=" " ind2=" ">
    <subfield code="a">no2006112171</subfield>
  </datafield>
  <datafield tag="035" ind1=" " ind2=" ">
    <subfield code="a">(OCoLC)oca07086133</subfield>
  </datafield>
  <datafield tag="040" ind1=" " ind2=" ">
    <subfield code="a">InU</subfield>
    <subfield code="b">eng</subfield>
    <subfield code="c">InU</subfield>
    <subfield code="d">InU</subfield>
  </datafield>
  <datafield tag="110" ind1="2" ind2=" ">
    <subfield code="a">I. Arabaev atyndagy Kyrgyz mamlekettik universiteti</subfield>
  </datafield>
  <datafield tag="410" ind1="2" ind2=" ">
    <subfield code="a">И. Арабаев атындагы Кыргыз мамлекеттик университети</subfield>
  </datafield>
  <datafield tag="410" ind1="2" ind2=" ">
    <subfield code="a">I. Arabajev adyndagy Kyrgyz mamlekettik pedagogikalyk universiteti</subfield>
  </datafield>
  <datafield tag="410" ind1="2" ind2=" ">
    <subfield code="a">I. Arabaev atyndagy Kyrgyz mamlekettik pedagogikalyk universiteti</subfield>
  </datafield>
  <datafield tag="410" ind1="2" ind2=" ">
    <subfield code="a">Kyrgyz State Pedagogical University "I. Arabaev"</subfield>
  </datafield>
  <datafield tag="410" ind1="2" ind2=" ">
    <subfield code="a">Киргизский государственный педагогический университет им. И. Арабайева</subfield>
  </datafield>
  <datafield tag="410" ind1="2" ind2=" ">
    <subfield code="a">Kirgizskiĭ gosudarstvennyĭ pedagogicheskiĭ universitet im. I. Arabaĭeva</subfield>
  </datafield>
  <datafield tag="410" ind1="2" ind2=" ">
    <subfield code="a">И. Арабайев адындагы Кыргыз мамлекеттик педагогикалык институт</subfield>
  </datafield>
  <datafield tag="410" ind1="2" ind2=" ">
    <subfield code="a">I. Arabaĭev adyndagy Kyrgyz mamlekettik pedagogikalyk institut</subfield>
  </datafield>
  <datafield tag="410" ind1="2" ind2=" ">
    <subfield code="a">КСПУ</subfield>
  </datafield>
  <datafield tag="410" ind1="2" ind2=" ">
    <subfield code="a">KSPU</subfield>
  </datafield>
  <datafield tag="410" ind1="2" ind2=" ">
    <subfield code="a">Ишенали Арабаев атындаги мамлекеттик университети</subfield>
  </datafield>
  <datafield tag="410" ind1="2" ind2=" ">
    <subfield code="a">Ishenali Arabaev atyndagi mamlekettik universiteti</subfield>
  </datafield>
  <datafield tag="667" ind1=" " ind2=" ">
    <subfield code="a">Non-Latin script reference not evaluated.</subfield>
  </datafield>
  <datafield tag="670" ind1=" " ind2=" ">
    <subfield code="a">Okuuchulardyn adabiĭ chygarmachylygyn ȯnu̇ktu̇ru̇u̇ metodikasy, 2006:</subfield>
    <subfield code="b">at head of title (I. Arabaev atyndagy Kyrgyz mamlekettik universiteti)</subfield>
  </datafield>
  <datafield tag="670" ind1=" " ind2=" ">
    <subfield code="a">I. Arabaev atyndagy Kyrgyz mamlekettik universiteti home page (www.ifos.de/anabin), October 23, 2006</subfield>
    <subfield code="b">(alternative names: Kyrgyz State Pedagogical University "I. Arabaev"; Kirgizskij gosudarstvennyj  pedagogicheskij universitet im. I. Arabajeva; abbreviation: KSPU; older form of name: I. Arabajev adyndagy Kyrgyz mamlekettik pedagogikalyk instituna [sic])</subfield>
  </datafield>
  <datafield tag="670" ind1=" " ind2=" ">
    <subfield code="a">Kyatĭlyk kyrgyzdardyn madanii︠a︡ty, 2009:</subfield>
    <subfield code="b">at head of title (Ishenali Arabaev atyndagi mamlekettik universiteti)</subfield>
  </datafield>
</record>